@book{doCarmo94,
	author = {do Carmo, Manfredo P},
	title = {Differential forms and applications},
	publisher = {Springer},
	year = {2004}
}

@booklet{chamizo07,
	title = {Geometría {IV}},
	year = 2007,
	author = {Chamizo Lorente, Fernando},
	howpublished = {\url{http://www.uam.es/personal_pdi/ciencias/fchamizo/libreria/fich/apgeomiv08.pdf}}
}

@BOOKLET{bryan,
	title = {Differential Forms},
	author = {Bryan, Kurt},
	howpublished = {\url{https://www.rose-hulman.edu/~bryan/lottamath/difform.pdf}}
}

@BOOKLET{diaz03,
	title = {Geometría {III}},
	year = 2003,
	author = {Díaz Miranda, Antonio},
	howpublished = {\url{https://www.uam.es/personal_pdi/ciencias/fchamizo/realquiler/fich/geomiii.pdf}}
}

% Optional fields: volume/number, series, address, edition, month, note
@BOOK{spivak05,
	author = {Spivak, Michael},
	title = {A Comprehensive Introduction to Differential Geometry},
	publisher = {Publish or Peris, Inc.},
	year = {2005},
	edition = 3,
	volume = 1
}

% Optional fields: volume/number, series, address, edition, month, note
@BOOK{barden03,
	author = {Barden, Dennis and Thomas, Charles},
	title = {An Introduction to Differentiable Manifolds},
	publisher = {Imperial College Press},
	year = {2003}
}

% Optional fields: volume/number, series, address, edition, month, note
@BOOK{boothby03,
	author = {Boothby, William M.},
	title = {An Introduction to Differentiable Manifolds and Riemannian Geometry},
	publisher = {Academic Press - Elsevier Science},
	year = {2003},
	edition = {Revised Second}
}

@BOOK{crossley10,
	author = {Crossley, Martin D.},
	title = {Essential Topology},
	publisher = {Springer - SUMS},
	year = {2010},
	edition = {Revised Second}
}

@BOOK{munkres2000,
	author = {Munkres, James R.},
	title = {Topology},
	publisher = {Pearson - Prentice Hall},
	year = {2000},
	edition = {Revised Second}
}

@BOOK{chamizo13,
	year = 2013,
	title = {Topología (La topología de segundo no es tan difícil)},
	author = {Chamizo Lorente, Fernando},
	edition = {2013 revised},
	howpublished = {\url{https://www.uam.es/personal_pdi/ciencias/fchamizo/}}
}

% Optional fields: volume/number, series, address, edition, month, note
@BOOK{folland99,
	author = {Folland, Gerald B.},
	title = {Real analysis. Modern techniques and their applications},
	publisher = {Pure and Applied Mathematics},
	year = {1999}
}

% Optional fields: volume/number, series, address, edition, month, note
@BOOK{terence10,
	author = {Tao, Terence},
	title = {An epsilon of room I: real analysis. Pages from year three of a mathematical blog},
	publisher = {American Mathematical Society},
	year = {2010}
}

@article{brezis1983relation,
  title={A relation between pointwise convergence of functions and convergence of functionals},
  author={Br{\'e}zis, Ha{\"\i}m and Lieb, Elliott},
  journal={Proceedings of the American Mathematical Society},
  volume={88},
  number={3},
  pages={486--490},
  year={1983}
}

% Optional fields: volume/number, series, address, edition, month, note
@BOOK{liebLoss01,
	author = {Lieb, Elliott H. and Loss, Michael},
	title = {Analysis},
	publisher = {Graduate Studies in Mathematics, vol. 14},
	year = {2001}
}

% Optional fields: author, howpublished, address, month, year, note
@misc{ApuntesTIM,
	title = {Apuntes {T}eoría de la integral y la medida},
	author = {Valero Mejía, Pedro},
	howpublished = {\url{http://github.com/Vicdejuan/Apuntes}},
	year = {2014},
	note = {Apuntes EPS UAM}
}

% Optional fields: author, title, howpublished, month, year, note
@MISC{ApuntesTopologia,
	title = {Apuntes {T}opología {I}},
	author = {Julián Moreno, Guillermo},
	howpublished = {\url{http://github.com/Vicdejuan/Apuntes}},
	year = {2014},
	note = {Apuntes EPS UAM}
}

@ARTICLE{fischer12,
	author = {Fischer, Tom},
	title = {Existence, uniqueness, and minimality of the {J}ordan measure decomposition},
	journal = {ArXiv: Statistics Theory},
	year = {2012},
	eprint = {arXiv:1206.5449},
	note = {\url{http://arxiv.org/abs/1206.5449}},
}
